@incollection{45611,
title	= {{CNN} Architectures for Large-Scale Audio Classification},
author	= {Shawn Hershey and Sourish Chaudhuri and Daniel P. W. Ellis and Jort F. Gemmeke and Aren Jansen and Channing Moore and Manoj Plakal and Devin Platt and Rif A. Saurous and Bryan Seybold and Malcolm Slaney and Ron Weiss and Kevin Wilson},
year	= {2017},
URL	= {https://arxiv.org/abs/1609.09430},
booktitle	= {International Conference on Acoustics, Speech and Signal Processing (ICASSP)}
}

@article{arnold,
  title   = "Visual Style in Two Network Era Sitcoms",
  author  = "Arnold, Taylor B and Tilton, Lauren and Berke, Annie",
  journal = "Cultural Analytics",
  volume  = "",
  number  = "",
  year    = "2019"
}

@book{manovich2001language,
  title={The language of new media},
  author={Manovich, Lev},
  year={2001},
  publisher={MIT press}
}

@inproceedings{affective,
author = {Xu, Min and Chia, Liang-Tien and Jin, Jesse},
year = {2005},
month = {01},
pages = {622-625},
title = {Affective content analysis in comedy and horror videos by audio emotional event detection},
volume = {61},
journal = {Proceedings of IEEE International Conference on Multimedia & Expo},
doi = {10.1109/ICME.2005.1521500}
}
